<?xml version="1.0" encoding="UTF-8"?><collection xmlns="http://www.loc.gov/MARC21/slim"><record><leader>00446nam--2200145-i-4500</leader><controlfield tag="001">000047014</controlfield><controlfield tag="002">20161230</controlfield><controlfield tag="005">20170111002852</controlfield><controlfield tag="008">060222s1000------------r-----000-0-eng-d</controlfield><datafield ind1=" " ind2=" " tag="100"><subfield code="a">Weber, K</subfield></datafield><datafield ind1=" " ind2=" " tag="245"><subfield code="a">Kurven der frequenz-und zeitabhangingkeit elektrischer schaltunge. Band II: Dreipolschaltungen. Mit maximal 3 sch</subfield></datafield><datafield ind1=" " ind2=" " tag="260"><subfield code="a">Berlin</subfield><subfield code="b">Veb Verlag Technik</subfield><subfield code="c">1953-1955</subfield></datafield><datafield ind1=" " ind2=" " tag="300"><subfield code="a">190 p.+9tabl</subfield></datafield><datafield ind1=" " ind2=" " tag="852"><subfield code="a">3685</subfield></datafield><datafield ind1=" " ind2=" " tag="CAT"><subfield code="a">SYS</subfield><subfield code="c">20170111</subfield><subfield code="h">002852</subfield></datafield></record></collection>